<?xml version="1.0" encoding="UTF-8"?><collection xmlns="http://www.loc.gov/MARC21/slim"><record><leader>00489nam--2200169-i-4500</leader><controlfield tag="001">000013268</controlfield><controlfield tag="002">20161230</controlfield><controlfield tag="005">20170126010231</controlfield><controlfield tag="008">060222s1000------------r-----000-0-eng-d</controlfield><datafield ind1=" " ind2=" " tag="080"><subfield code="a">530.145.6:547</subfield></datafield><datafield ind1=" " ind2=" " tag="245"><subfield code="a">Applications of theory in organic chemistry</subfield></datafield><datafield ind1=" " ind2=" " tag="260"><subfield code="a">Amsterdam</subfield><subfield code="b">Elsevier Scientific Publishing Company</subfield><subfield code="c">1977</subfield></datafield><datafield ind1=" " ind2=" " tag="300"><subfield code="a">XIV + 626 p</subfield></datafield><datafield ind1=" " ind2=" " tag="490"><subfield code="a">Progress In Theoretical Organic Chemistry</subfield></datafield><datafield ind1=" " ind2=" " tag="700"><subfield code="a">Csizmadia, I. G</subfield></datafield><datafield ind1=" " ind2=" " tag="852"><subfield code="a">48001</subfield></datafield><datafield ind1=" " ind2=" " tag="CAT"><subfield code="a">SYS</subfield><subfield code="c">20170126</subfield><subfield code="h">010231</subfield></datafield></record></collection>